@Misc{tex_online,
author = {"Jimmy Found"},
title = "\LaTeX 1. – Co to je a proč se ho chtít učit?",
howpublished = "online",
revised = "21. 8. 2013",
cited = "!2019-04-15",
url = "http://programujte.com/clanek/2013080500-latex-1-co-to-je-a-proc-se-ho-chtit-ucit",
}

@Book{tex_book,
author = {Donald E. Knuth},
title = {The {{\TeX}}book},
publisher = "Addison--Wesley",
edition = "1",
address = "Boston",
isbn = "0--201--13447--0",
year = "1986",
}

@book{Latex_pruvodce,
title = {Latex : podrobný průvodce},
edition = {Vyd. 1.},
language = {cze},
address = {Brno},
author = {Kopka, Helmut},
keywords = {počítačová typografie vt; zpracování dokumentů in; příručky; LATEX; elektronické zpracování textu; formátování textu; sazba; zpracování textu},
series = {DTP a grafika},
publisher = {Computer Press},
isbn = {80-7226-973-9},
year = {2004},
}

@Misc{tex_online2,
author = {"David Martínek"},
title = "\LaTeX ové speciality",
howpublished = "online",
revised = "25. 2. 2010",
cited = "!2019-04-15",
url = "http://www.fit.vutbr.cz/~martinek/latex/",
}

@Misc{latex_about,
title = "An introduction to \LaTeX",
howpublished = "online",
cited = "!2019-04-15",
url = "https://www.latex-project.org/about/",
}

@Misc{prace1,
title = {Digitální typografie},
language = {cze},
address = {Brno},
author = {Močička, Jiří},
keywords = {počítačová grafika vt; výtvarné umění um; diplomové práce; grafický design; internetové umění; typografie},
abstract = {Koncepce návrhu multimediálních (internetových) prezentací a to jak obrazových, tak i datových s ohledem na typografii.},
publisher = {Vysoké učení technické},
year = {2005},
}

@Misc{prace2,
title = {Konverze prezentací mezi platformou LaTeX a Microsoft Power Point},
language = {cze},
author = {Černý, Lukáš},
keywords = {překladače vt; diplomové práce; LaTeX; Beamer; PowerPoint PIA; PresentationML; GPLEX; GPPG; převod dokumentů},
abstract = {Tato práce se zabývá teoretickým a praktickým základem pro vytvoření převaděče mezi platformou LaTeX a Microsoft PowerPoint. Postupně rozebírá použití LaTeXu a třídy Beamer pro prezentace, programovou tvorbu PowerPoint dokumentů pomocí PowerPoint Primary Interop Assemblies a PresentationML.},
publisher = {Vysoké učení technické v Brně. Fakulta informačních technologií},
year = {2010},
}

@inproceedings{serial,
title = {Vector Graphics In Latex For Academic Papers},
language = {eng},
author = {Seda, Pavel},
keywords = {LATEX; vector graphics},
journal = {Proceedings of the 22st Conference STUDENT EEICT 2016},
pages = {347--351},
publisher = {Vysoké učení technické v Brně, Fakulta elektrotechniky a komunikačních technologií},
isbn = {978-80-214-5614-3},
}

@article{clanek1,
title = {A comparison of different LaTeX programs},
language = {eng},
author = {Koning, Ruud H.},
keywords = {Very Good},
issn = {0883-7252},
journal = {Journal of Applied Econometrics},
pages = {81--92},
volume = {16},
year = {2001},
}

@article{clanek2,
title = {Some misunderstood or unknown tricks (LaTeX) ; Certaines astuces inconnues ou mal comprises (LaTeX)},
language = {eng},
author = {Merciadri, Luca},
keywords = {Tugboat ; Latex ; Tips ; Engineering, Computing & Technology :: Computer Science ; Ingénierie, Informatique & Technologie :: Sciences Informatiques},
year = {2010},
}






